
@article{Wasserstein:2016,
  author = {Wasserstein, Ronald L and Lazar, Nicole A and others},
  title = {The ASA statement on p-values: context, process, and purpose},
  journal = {The American Statistician},
  volume = {70},
  number = {2},
  pages = {129-133},
  year = {2016}
}


@book{Gustavii:2017,
  title = {How to Write and Illustrate a Scientific Paper},
  author = {Gustavii, Bj{\"o}rn},
  year = {2017},
  month = {April},
  edition = {3},
  publisher = {Cambridge University Press},
  isbn = {978-1-316-60791-6},
  language = {English}
}


@misc{Wiki:PCA,
  author = {{Principal component analysis}},
  title = {Principal component analysis --- {W}ikipedia{,} The Free Encyclopedia},
  url = {https://en.wikipedia.org/wiki/Principal_component_analysis},
  note = {Accessed: Sep. 2021. [Online]}
}
